@article{Vladimirova_2020,
  title     = {Sub-Weibull distributions: Generalizing sub-Gaussian and sub-Exponential properties to heavier tailed distributions},
  volume    = {9},
  issn      = {2049-1573},
  url       = {http://dx.doi.org/10.1002/sta4.318},
  doi       = {10.1002/sta4.318},
  number    = {1},
  journal   = {Stat},
  publisher = {Wiley},
  author    = {Vladimirova, Mariia and Girard, St√©phane and Nguyen, Hien and Arbel, Julyan},
  year      = {2020},
  month     = jan
}
